<record><leader>00000cas a22000007a 4500</leader><controlfield tag="001">25263233</controlfield><controlfield tag="008">920212d1uuu1926nyuwr ne      0    0eng d</controlfield><datafield ind1=" " ind2=" " tag="010"><subfield code="a">sn 92061468 </subfield></datafield><datafield ind1=" " ind2=" " tag="040"><subfield code="a">NYS</subfield><subfield code="b">eng</subfield><subfield code="c">NYS</subfield><subfield code="d">NSD</subfield><subfield code="d">NYS</subfield><subfield code="d">OCLCQ</subfield></datafield><datafield ind1=" " ind2=" " tag="042"><subfield code="a">msc</subfield></datafield><datafield ind1="0" ind2=" " tag="130"><subfield code="a">Democrat (Skaneateles, N.Y.)</subfield></datafield><datafield ind1="1" ind2="4" tag="245"><subfield code="a">The Democrat.</subfield></datafield><datafield ind1="3" ind2="0" tag="246"><subfield code="a">Skaneateles Democrat</subfield></datafield><datafield ind1="3" ind2="0" tag="246"><subfield code="a">Skaneateles weekly Democrat</subfield></datafield><datafield ind1=" " ind2=" " tag="260"><subfield code="a">Skaneateles, N.Y. :</subfield><subfield code="b">Wheaton &amp; Dodge</subfield></datafield><datafield ind1=" " ind2=" " tag="300"><subfield code="a">v.</subfield></datafield><datafield ind1=" " ind2=" " tag="310"><subfield code="a">Weekly</subfield></datafield><datafield ind1="1" ind2=" " tag="362"><subfield code="a">Ceased in Apr. 1926?</subfield><subfield code="z">Cf. Gregory, W. Amer. newspapers.</subfield></datafield><datafield ind1=" " ind2=" " tag="500"><subfield code="a">Publishers: Wheaton &amp; Dodge, 1906-1913; Dodge &amp; Keegan, 1914-&lt;1915&gt;; J. Charles Keegan, &lt;1917-1921&gt;.</subfield></datafield><datafield ind1=" " ind2=" " tag="588"><subfield code="a">Description based on: Vol. 60, no. 52 (Dec. 28, 1905).</subfield></datafield><datafield ind1=" " ind2=" " tag="588"><subfield code="a">Latest issue consulted: Vol. 86, no. 52 (Dec. 29, 1921).</subfield></datafield><datafield ind1=" " ind2="4" tag="651"><subfield code="a">Skaneateles (N.Y.)</subfield><subfield code="v">Newspapers.</subfield></datafield><datafield ind1=" " ind2=" " tag="752"><subfield code="a">United States</subfield><subfield code="b">New York</subfield><subfield code="c">Onondaga</subfield><subfield code="d">Skaneateles.</subfield></datafield><datafield ind1="0" ind2="0" tag="780"><subfield code="t">Skaneateles Democrat (Skaneateles, N.Y. : 1883)</subfield><subfield code="w">(OCoLC)26406573</subfield></datafield><datafield ind1="0" ind2="7" tag="785"><subfield code="t">Skaneateles free press (Skaneateles, N.Y. : 1921)</subfield><subfield code="w">(DLC)sn 92061467</subfield><subfield code="w">(OCoLC)25264765</subfield></datafield><datafield ind1="0" ind2="7" tag="785"><subfield code="t">Skaneateles press</subfield><subfield code="x">1066-1360</subfield><subfield code="w">(DLC)sn 83031775</subfield><subfield code="w">(OCoLC)9963128</subfield></datafield><datafield ind1="1" ind2=" " tag="029"><subfield code="a">AU@</subfield><subfield code="b">000025906409</subfield></datafield></record>